@article{https://doi.org/10.18429/jacow-ipac2017-mopik090,  doi = {10.18429/JACOW-IPAC2017-MOPIK090},  url = {http://jacow.org/ipac2017/doi/JACoW-IPAC2017-MOPIK090.html},  author = {Kisiel, Arkadiusz and Jaglarz, Magdalena and Kopeć, Maciej and Piela, Szymon and Stankiewicz, Marek and Wawrzyniak, Adriana},  keywords = {Accelerator Physics, 05 Beam Dynamics and Electromagnetic Fields},  language = {en},  title = {Beta Function Measurement in the SOLARIS Storage Ring},  journal = {Proceedings of the 8th Int. Particle Accelerator Conf.},  volume = {IPAC2017},  pages = {Denmark},  publisher = {JACoW, Geneva, Switzerland},  year = {2017},  copyright = {CC 3.0}},
@article{https://doi.org/10.18429/jacow-ipac2017-weoca1,  doi = {10.18429/JACOW-IPAC2017-WEOCA1},  url = {http://jacow.org/ipac2017/doi/JACoW-IPAC2017-WEOCA1.html},  author = {Wawrzyniak, Adriana and Borowiec, Pawel and Jaglarz, Magdalena and Kisiel, Arkadiusz and Klimczyk, Paulina and Knafel, Marcin and Kopeć, Maciej and Marendziak, Andrzej and Piela, Szymon and Sagało, Przemyslaw and Stankiewicz, Marek and Wawrzyniak, Krzysztof and Zając, Marcin},  keywords = {Accelerator Physics, 02 Photon Sources and Electron Accelerators},  language = {en},  title = {Performance of SOLARIS Storage Ring},  journal = {Proceedings of the 8th Int. Particle Accelerator Conf.},  volume = {IPAC2017},  pages = {Denmark},  publisher = {JACoW, Geneva, Switzerland},  year = {2017},  copyright = {CC 3.0}},
@article{https://doi.org/10.18429/jacow-ipac2017-mopab096,  doi = {10.18429/JACOW-IPAC2017-MOPAB096},  url = {http://jacow.org/ipac2017/doi/JACoW-IPAC2017-MOPAB096.html},  author = {Kopeć, Maciej and Dudek, Lukasz and Kisiel, Arkadiusz and Knafel, Marcin and Wawrzyniak, Adriana and Zając, Marcin},  keywords = {Accelerator Physics, 06 Beam Instrumentation, Controls, Feedback and Operational Aspects},  language = {en},  title = {Universal Digital Aggregator for in-Line Signal Processing},  journal = {Proceedings of the 8th Int. Particle Accelerator Conf.},  volume = {IPAC2017},  pages = {Denmark},  publisher = {JACoW, Geneva, Switzerland},  year = {2017},  copyright = {CC 3.0}},
@article{Abramowicz_2017,	doi = {10.1140/epjc/s10052-017-4968-5},	url = {https://doi.org/10.1140%2Fepjc%2Fs10052-017-4968-5},	year = 2017,	month = {jul},	publisher = {Springer Science and Business Media {LLC}},	volume = {77},	number = {7},	author = {H. Abramowicz and A. Abusleme and K. Afanaciev and N. Alipour Tehrani and C. Bal{\'{a}}zs and Y. Benhammou and M. Benoit and B. Bilki and J.-J. Blaising and M. J. Boland and M. Boronat and O. Borysov and I. Bo{\v{z}}ovi{\'{c}}-Jelisav{\v{c}}i{\'{c}} and M. Buckland and S. Bugiel and P. N. Burrows and T. K. Charles and W. Daniluk and D. Dannheim and R. Dasgupta and M. Demarteau and M. A. D{\'{\i}}az Gutierrez and G. Eigen and K. Elsener and U. Felzmann and M. Firlej and E. Firu and T. Fiutowski and J. Fuster and M. Gabriel and F. Gaede and I. Garc{\'{\i}}a and V. Ghenescu and J. Goldstein and S. Green and C. Grefe and M. Hauschild and C. Hawkes and D. Hynds and M. Idzik and G. Ka{\v{c}}arevi{\'{c}} and J. Kalinowski and S. Kananov and W. Klempt and M. Kopec and M. Krawczyk and B. Krupa and M. Kucharczyk and S. Kulis and T. La{\v{s}}tovi{\v{c}}ka and T. Lesiak and A. Levy and I. Levy and L. Linssen and S. Luki{\'{c}} and A. A. Maier and V. Makarenko and J. S. Marshall and V. J. Martin and K. Mei and G. Milutinovi{\'{c}}-Dumbelovi{\'{c}} and J. Moro{\'{n}} and A. Moszczy{\'{n}}ski and D. Moya and R. M. Münker and A. Münnich and A. T. Neagu and N. Nikiforou and K. Nikolopoulos and A. Nürnberg and M. Pandurovi{\'{c}} and B. Pawlik and E. Perez Codina and I. Peric and M. Petric and F. Pitters and S. G. Poss and T. Preda and D. Protopopescu and R. Rassool and S. Redford and J. Repond and A. Robson and P. Roloff and E. Ros and O. Rosenblat and A. Ruiz-Jimeno and A. Sailer and D. Schlatter and D. Schulte and N. Shumeiko and E. Sicking and F. Simon and R. Simoniello and P. Sopicki and S. Stapnes and R. Ström and J. Strube and K. P. {\'{S}}wientek and M. Szalay and M. Tesa{\v{r}} and M. A. Thomson and J. Trenado and U. I. Uggerh{\o}j and N. van der Kolk and E. van der Kraaij and M. Vicente Barreto Pinto and I. Vila and M. Vogel Gonzalez and M. Vos and J. Vossebeld and M. Watson and N. Watson and M. A. Weber and H. Weerts and J. D. Wells and L. Weuste and A. Winter and T. Wojto{\'{n}} and L. Xia and B. Xu and A. F. {\.{Z}}arnecki and L. Zawiejski and I.-S. Zgura},	title = {Higgs physics at the {CLIC} electron{\textendash}positron linear collider},	journal = {The European Physical Journal C}},
@article{https://doi.org/10.18429/jacow-ibic2015-wedla01,  doi = {10.18429/JACOW-IBIC2015-WEDLA01},  url = {http://accelconf.web.cern.ch/AccelConf/DOI/IBIC2015/JACoW-IBIC2015-WEDLA01.html},  author = {Wawrzyniak, Adriana and Bocchetta, Carlo and Borowiec, Pawel and Bulira, Paweł and Goryl, Piotr and Kisiel, Arkadiusz and Kopec, Maciej and Marendziak, Andrzej and Nietubyć, Robert and Stankiewicz, Marek and Zając, Marcin and Żytniak, Lukasz},  keywords = {Accelerator Physics, Overview and Commissioning},  language = {en},  title = {First Results of Solaris Synchrotron Commissioning},  journal = {Proceedings of the 4th International Beam Instrumentation Conference},  volume = {IBIC2015},  pages = {Australia},  publisher = {JACoW, Geneva, Switzerland},  year = {2016},  copyright = {CC 3.0}},
@article{https://doi.org/10.18429/jacow-ipac2016-mopmw017,  doi = {10.18429/JACOW-IPAC2016-MOPMW017},  url = {http://jacow.org/ipac2016/doi/JACoW-IPAC2016-MOPMW017.html},  author = {Kisiel, Arkadiusz and Dudek, Lukasz and Goryl, Piotr and Kitka, Wojciech and Kopec, Maciej and Wawrzyniak, Adriana and Żytniak, Lukasz},  keywords = {Accelerator Physics, 06 Beam Instrumentation, Controls, Feedback and Operational Aspects},  language = {en},  title = {Performance of the Beam Position Monitor System in Solaris Synchrotron},  journal = {Proceedings of the 7th Int. Particle Accelerator Conf.},  volume = {IPAC2016},  pages = {Korea},  publisher = {JACoW, Geneva, Switzerland},  year = {2016},  copyright = {CC 3.0}},
@article{https://doi.org/10.18429/jacow-ipac2016-wepow031,  doi = {10.18429/JACOW-IPAC2016-WEPOW031},  url = {http://jacow.org/ipac2016/doi/JACoW-IPAC2016-WEPOW031.html},  author = {Marendziak, Andrzej and Bocchetta, Carlo and Borowiec, Pawel and Bulira, Paweł and Dudek, Lukasz and Goryl, Piotr and Karaś, Krzysztof and Kisiel, Arkadiusz and Kitka, Wojciech and Kopec, Maciej and Madura, Marek and Nietubyć, Robert and Nowak, Marcin and Stankiewicz, Marek and Wawrzyniak, Adriana and Wawrzyniak, Krzysztof and Wiechecki, Jaroslaw and Wikłacz, Justyna and Zając, Marcin and Zbylut, Tomasz and Żytniak, Lukasz},  keywords = {Accelerator Physics, 02 Photon Sources and Electron Accelerators},  language = {en},  title = {Performance of the Vacuum System for the Solaris 1.5 GeV Electron Storage Ring},  journal = {Proceedings of the 7th Int. Particle Accelerator Conf.},  volume = {IPAC2016},  pages = {Korea},  publisher = {JACoW, Geneva, Switzerland},  year = {2016},  copyright = {CC 3.0}},
@article{https://doi.org/10.18429/jacow-ipac2016-wepow029,  doi = {10.18429/JACOW-IPAC2016-WEPOW029},  url = {http://jacow.org/ipac2016/doi/JACoW-IPAC2016-WEPOW029.html},  author = {Wawrzyniak, Adriana and Bocchetta, Carlo and Borowiec, Pawel and Boruchowski, Mateusz and Bulira, Paweł and Dudek, Lukasz and Goryl, Piotr and Karaś, Krzysztof and Kisiel, Arkadiusz and Kitka, Wojciech and Kopec, Maciej and Król, Pawel and Marendziak, Andrzej and Nietubyć, Robert and Stankiewicz, Marek and Wawrzyniak, Krzysztof and Wiechecki, Jaroslaw and Wikłacz, Justyna and Zając, Marcin and Żytniak, Lukasz},  keywords = {Accelerator Physics, 02 Photon Sources and Electron Accelerators},  language = {en},  title = {Solaris Storage Ring  Commissioning},  journal = {Proceedings of the 7th Int. Particle Accelerator Conf.},  volume = {IPAC2016},  pages = {Korea},  publisher = {JACoW, Geneva, Switzerland},  year = {2016},  copyright = {CC 3.0}},
@article{https://doi.org/10.18429/jacow-ipac2016-thpoy008,  doi = {10.18429/JACOW-IPAC2016-THPOY008},  url = {http://jacow.org/ipac2016/doi/JACoW-IPAC2016-THPOY008.html},  author = {Goryl, Piotr and Bocchetta, Carlo and Dolin¿Ek, Igor and Dudek, Lukasz and Galuszka, Piotr and Hardion, Vincent and Jamróz, Jerzy and Kisiel, Arkadiusz and Kitka, Wojciech and Kopec, Maciej and Kurdziel, Piotr and Legat, Uro¿ and Ostoja-Gajewski, Michał and Spruce, Darren and Stankiewicz, Marek and Szota-Pachowicz, Julia and Wawrzyniak, Adriana and Wawrzyniak, Krzysztof and Żytniak, Lukasz},  keywords = {Accelerator Physics, 06 Beam Instrumentation, Controls, Feedback and Operational Aspects},  language = {en},  title = {Tango Based Control System at SOLARIS Synchrotron},  journal = {Proceedings of the 7th Int. Particle Accelerator Conf.},  volume = {IPAC2016},  pages = {Korea},  publisher = {JACoW, Geneva, Switzerland},  year = {2016},  copyright = {CC 3.0}},
@article{Bugiel_2016,	doi = {10.1109/tns.2016.2602391},	url = {https://doi.org/10.1109%2Ftns.2016.2602391},	year = 2016,	month = {oct},	publisher = {Institute of Electrical and Electronics Engineers ({IEEE})},	volume = {63},	number = {5},	pages = {2622--2631},	author = {S. Bugiel and R. Dasgupta and M. Firlej and T. Fiutowski and M. Idzik and M. Kopec and J. Moron and K. Swientek},	title = {Ultra-Low Power Fast Multi-Channel 10-Bit {ADC} {ASIC} for Readout of Particle Physics Detectors},	journal = {{IEEE} Transactions on Nuclear Science}},
@misc{https://doi.org/10.5170/cern-2016-004,  doi = {10.5170/CERN-2016-004},  url = {https://e-publishing.cern.ch/index.php/CYR/issue/view/24},  author = {CERN, Geneva},  language = {en},  title = {CERN Yellow Reports, Vol 4 (2016): Updated Baseline for a staged Compact Linear Collider},  publisher = {CERN, Geneva},  year = {2016},  copyright = {This work is licensed under a Creative Commons Attribution 4.0 International License.}}